@article{forest, TITLE = {{ForestGOMP: an efficient OpenMP environment for NUMA architectures}}, AUTHOR = {Broquedis, Fran{\c c}ois and Furmento, Nathalie and Goglin, Brice and Wacrenier, Pierre-Andr{\'e} and Namyst, Raymond}, URL = {https://hal.inria.fr/inria-00496294}, JOURNAL = {{International Journal of Parallel Programming}}, PUBLISHER = {{Springer Verlag}}, YEAR = {2010}, DOI = {10.1007/s10766-010-0136-3}, PDF = {https://hal.inria.fr/inria-00496295/file/IJPP.pdf}, HAL_ID = {inria-00496295}, HAL_VERSION = {v1}, }

@misc{ompspec, 
	TITLE={The Von Neumann Model},
	author={Ganesan and Deepak},
	url={http://none.cs.umass.edu/~dganesan/courses/fall09/handouts/Chapter4.pdf}
	}

@misc{ompmem, 
	TITLE={Le Modèle mémoire OpenMP},
	author={Hoeflinger, Jay and de Supinski, Robert},
	howpublished="\url{http://citeseerx.ist.psu.edu/viewdoc/download?doi=10.1.1.107.9768&rep=rep1&type=pdf}"
	}

@misc{vonNeumann, 
	TITLE={The Von Neumann Model},
	author={Ganesan and Deepak},
	howpublished="\url{http://none.cs.umass.edu/~dganesan/courses/fall09/handouts/Chapter4.pdf}"
	}
@misc{threadaff, 
	TITLE={Process and threads affinity},
	url={http://citeseerx.ist.psu.edu/viewdoc/download?doi=10.1.1.107.9768&rep=rep1&type=pdf}
	}
